%Articles
@article{Bouchaud_2004,
   title={Fluctuations and response in financial markets: the subtle nature of
          “random” price changes},
   volume={4},
   ISSN={1469-7696},
   url={http://dx.doi.org/10.1080/14697680400000022},
   DOI={10.1080/14697680400000022},
   number={2},
   journal={Quantitative Finance},
   publisher={Informa UK Limited},
   author={Bouchaud, Jean-Philippe and Gefen, Yuval and Potters, Marc and
           Wyart, Matthieu},
   year={2004},
   month={Apr},
   pages={176–190}
}

@article{Wang_2016_cross,
   title={Cross-response in correlated financial markets: individual stocks},
   volume={89},
   ISSN={1434-6036},
   url={http://dx.doi.org/10.1140/epjb/e2016-60818-y},
   DOI={10.1140/epjb/e2016-60818-y},
   number={4},
   journal={The European Physical Journal B},
   publisher={Springer Science and Business Media LLC},
   author={Wang, Shanshan and Schäfer, Rudi and Guhr, Thomas},
   year={2016},
   month={Apr}
}

@article{Wang_2016_avg,
    author="Wang, Shanshan and Sch{\"a}fer, Rudi and Guhr, Thomas",
    title="Average cross-responses in correlated financial markets",
    journal="The European Physical Journal B",
    year="2016",
    month="Sep",
    day="26",
    volume="89",
    number="9",
    pages="207",
    issn="1434-6036",
    doi="10.1140/epjb/e2016-70137-0",
    url="https://doi.org/10.1140/epjb/e2016-70137-0"
}

@article{Wang_2018_a,
	author = "Wang, Shanshan and Neus{\"u}{\ss}, Sebastian and Guhr, Thomas",
	day = "30",
	doi = "10.1140/epjb/e2018-80665-0",
	issn = "1434-6036",
	journal = "The European Physical Journal B",
	month = "Aug",
	number = "8",
	pages = "191",
	title = "{Statistical properties of market collective responses}",
	url = "https://doi.org/10.1140/epjb/e2018-80665-0",
	volume = "91",
	year = "2018"
}

@article{Wang_2018_b,
    author="Wang, Shanshan and Neus{\"u}{\ss}, Sebastian and Guhr, Thomas",
    title="Grasping asymmetric information in price impacts",
    journal="The European Physical Journal B",
    year="2018",
    month="Nov",
    day="01",
    volume="91",
    number="11",
    pages="266",
    issn="1434-6036",
    doi="10.1140/epjb/e2018-80599-5",
    url="https://doi.org/10.1140/epjb/e2018-80599-5"
}

@article{Wang_2018_copulas,
	doi = {10.1088/1742-5468/aab01c},
	url = {https://doi.org/10.1088%2F1742-5468%2Faab01c},
	year = 2018,
	month = {mar},
	publisher = {{IOP} Publishing},
	volume = {2018},
	number = {3},
	pages = {033407},
	author = {Shanshan Wang and Thomas Guhr},
	title = {Local fluctuations of the signed traded volumes and the
             dependencies of demands: a copula analysis},
	journal = {Journal of Statistical Mechanics: Theory and Experiment},
}

@article{trades_classification,
    author = {Lee, Charles M. C. and Ready, Mark J.},
    title = {Inferring Trade Direction from Intraday Data},
    journal = {The Journal of Finance},
    volume = {46},
    number = {2},
    pages = {733-746},
    doi = {10.1111/j.1540-6261.1991.tb02683.x},
    url = {https://onlinelibrary.wiley.com/doi/abs/10.1111/j.1540-6261.1991.tb02683.x},
    eprint = {https://onlinelibrary.wiley.com/doi/pdf/10.1111/j.1540-6261.1991.tb02683.x},
    year = {1991}
}

@article{empirical_facts,
    author = {Chakraborti, Anirban and Toke, Ioane and Patriarca, Marco and
              Abergel, Frédéric},
    year = {2009},
    month = {09},
    pages = {},
    title = {Econophysics: Empirical facts and agent-based models},
    journal = {arXiv.org, Quantitative Finance Papers}
}

@article{large_prices_changes,
    author = {J.   Doyne Farmer and  László   Gillemot  and  Fabrizio   Lillo
              and  Szabolcs Mike  and  Anindya   Sen },
    title = {What really causes large price changes?},
    journal = {Quantitative Finance},
    volume = {4},
    number = {4},
    pages = {383-397},
    year  = {2004},
    publisher = {Routledge},
    doi = {10.1080/14697680400008627},
    URL = {https://doi.org/10.1080/14697680400008627},
    eprint = {https://doi.org/10.1080/14697680400008627}
}

@article{subtle_nature,
    author = {Bouchaud,Jean-Philippe},
    title = {The subtle nature of financial random walks},
    journal = {Chaos: An Interdisciplinary Journal of Nonlinear Science},
    volume = {15},
    number = {2},
    pages = {026104},
    year = {2005},
    doi = {10.1063/1.1889265},
    URL = {https://doi.org/10.1063/1.1889265},
    eprint = {https://doi.org/10.1063/1.1889265}
}

@article{empirical_properties,
    author = {Rama Cont},
    title = {Empirical properties of asset returns: stylized facts and
             statistical issues},
    journal = {Quantitative Finance},
    year = {2001},
    volume = {1},
    pages = {223--236}
}

@article{fluctions_market_friction,
author = {Rosenow, Bernd},
title = {Fluctuations and market friction in financial trading},
journal = {International Journal of Modern Physics C},
volume = {13},
number = {03},
pages = {419-425},
year = {2002},
doi = {10.1142/S012918310200322X},
URL = {https://doi.org/10.1142/S012918310200322X},
eprint = {https://doi.org/10.1142/S012918310200322X}
}

@article{quant_stock_price_response,
  title = {Quantifying stock-price response to demand fluctuations},
  author = {Plerou, Vasiliki and Gopikrishnan, Parameswaran and Gabaix, Xavier
            and Stanley, H. Eugene},
  journal = {Phys. Rev. E},
  volume = {66},
  issue = {2},
  pages = {027104},
  numpages = {4},
  year = {2002},
  month = {Aug},
  publisher = {American Physical Society},
  doi = {10.1103/PhysRevE.66.027104},
  url = {https://link.aps.org/doi/10.1103/PhysRevE.66.027104}
}

@article{theory_market_impact,
author = {Gerig, Austin},
year = {2008},
month = {04},
pages = {},
title = {A Theory for Market Impact: How Order Flow Affects Stock Price},
journal = {arXiv.org, Quantitative Finance Papers}
}

@article{order_flow_persistent,
  author={Tóth, Bence and Palit, Imon and Lillo, Fabrizio and Farmer,
          J. Doyne},
  title={{Why is equity order flow so persistent?}},
  journal={Journal of Economic Dynamics and Control},
  year=2015,
  volume={51},
  number={C},
  pages={218-239},
  month={},
  doi={10.1016/j.jedc.2014.10.00},
  url={https://ideas.repec.org/a/eee/dyncon/v51y2015icp218-239.html}
}

@article{dissecting_cross,
   title={Dissecting cross-impact on stock markets: an empirical analysis},
   volume={2017},
   ISSN={1742-5468},
   url={http://dx.doi.org/10.1088/1742-5468/aa53f7},
   DOI={10.1088/1742-5468/aa53f7},
   number={2},
   journal={Journal of Statistical Mechanics: Theory and Experiment},
   publisher={IOP Publishing},
   author={Benzaquen, M and Mastromatteo, I and Eisler, Z and Bouchaud, J-P},
   year={2017},
   month={Feb},
   pages={023406}
}

@article{spread_changes_affect,
  title={How spread changes affect the order book: comparing the price
         responses of order deletions and placements to trades},
  author={Stephan Grimm and Thomas Guhr},
  journal={The European Physical Journal B},
  year={2018},
  volume={92},
  pages={1-11}
}

@article{sampling_returns,
author = { Jim E.   Griffin  and  Roel   C. A.   Oomen },
title = {Sampling Returns for Realized Variance Calculations: Tick Time or
         Transaction Time?},
journal = {Econometric Reviews},
volume = {27},
number = {1-3},
pages = {230-253},
year  = {2008},
publisher = {Taylor & Francis},
doi = {10.1080/07474930701873341},
URL = {https://doi.org/10.1080/07474930701873341},
eprint = {https://doi.org/10.1080/07474930701873341}
}

@article{asynchrony_effects_corr,
title = "Compensating asynchrony effects in the calculation of financial
         correlations",
journal = "Physica A: Statistical Mechanics and its Applications",
volume = "389",
number = "4",
pages = "767 - 779",
year = "2010",
issn = "0378-4371",
doi = "https://doi.org/10.1016/j.physa.2009.10.033",
url = "http://www.sciencedirect.com/science/article/pii/S0378437109009030",
author = "Michael C. Münnix and Rudi Schäfer and Thomas Guhr",
}

@article{tick_size_impact,
title = "Impact of the tick-size on financial returns and correlations",
journal = "Physica A: Statistical Mechanics and its Applications",
volume = "389",
number = "21",
pages = "4828 - 4843",
year = "2010",
issn = "0378-4371",
doi = "https://doi.org/10.1016/j.physa.2010.06.037",
url = "http://www.sciencedirect.com/science/article/pii/S0378437110005662",
author = "Michael C. Münnix and Rudi Schäfer and Thomas Guhr",
}

@article{causes_epps_effect,
author = "Michael C. Münnix and Rudi Schäfer and Thomas Guhr",
title = {Statistical causes for the Epps effect in microstructure noise},
journal = {International Journal of Theoretical and Applied Finance},
volume = {14},
number = {08},
pages = {1231-1246},
year = {2011},
doi = {10.1142/S0219024911006838},
URL = {https://doi.org/10.1142/S0219024911006838},
eprint = {https://doi.org/10.1142/S0219024911006838 } ,
}

%==============================================================================
%Books
@book{latexcompanion,
    author    = "Michel Goossens and Frank Mittelbach and Alexander Samarin",
    title     = "The \LaTeX\ Companion",
    year      = "1993",
    publisher = "Addison-Wesley",
    address   = "Reading, Massachusetts"
}

@Inbook{market_making,
author="Toke, Ioane Muni",
editor="Abergel, Fr{\'e}d{\'e}ric and Chakrabarti, Bikas K. and Chakraborti,
        Anirban and Mitra, Manipushpak",
title="``Market Making'' in an Order Book Model and Its Impact on the Spread",
bookTitle="Econophysics of Order-driven Markets: Proceedings of
           Econophys-Kolkata V",
year="2011",
publisher="Springer Milan",
address="Milano",
pages="49--64",
isbn="978-88-470-1766-5",
doi="10.1007/978-88-470-1766-5_4",
url="https://doi.org/10.1007/978-88-470-1766-5_4"
}
%==============================================================================
%Doesn't fit in any other type
@misc{r_walks_liquidity,
    title={Random walks, liquidity molasses and critical response in financial
           markets},
    author={J. -P. Bouchaud and J. Kockelkoren and M. Potters},
    year={2004},
    eprint={cond-mat/0406224},
    archivePrefix={arXiv},
    primaryClass={cond-mat.other}
}

@misc{Wang_2017,
    title={Trading strategies for stock pairs regarding to the cross-impact
           cost},
    author={Shanshan Wang},
    year={2017},
    eprint={1701.03098},
    archivePrefix={arXiv},
    primaryClass={q-fin.TR}
}
